
    <marc:record>
        <marc:leader>00521nam a2200169 a 4500</marc:leader>
        <marc:controlfield tag="001">990106974450107026</marc:controlfield>
        <marc:controlfield tag="003">UkOxU</marc:controlfield>
        <marc:controlfield tag="005">19960517191518.0</marc:controlfield>
        <marc:controlfield tag="008">930215s1957    cau           000 1 eng d</marc:controlfield>
        <marc:datafield tag="035" ind1=" " ind2=" ">
            <marc:subfield code="a">(UkOxU)010697445</marc:subfield>
        </marc:datafield>
        <marc:datafield tag="035" ind1=" " ind2=" ">
            <marc:subfield code="a">(UkOxU)010697445BIB01</marc:subfield>
        </marc:datafield>
        <marc:datafield tag="092" ind1=" " ind2=" ">
            <marc:subfield code="a">D0500824662</marc:subfield>
        </marc:datafield>
        <marc:datafield tag="100" ind1="1" ind2=" ">
            <marc:subfield code="a">Bradbury, Ray,</marc:subfield>
            <marc:subfield code="d">1920-2012.</marc:subfield>
        </marc:datafield>
        <marc:datafield tag="245" ind1="1" ind2="0">
            <marc:subfield code="a">Sun and shadow /</marc:subfield>
            <marc:subfield code="c">Ray Bradbury</marc:subfield>
        </marc:datafield>
        <marc:datafield tag="260" ind1=" " ind2=" ">
            <marc:subfield code="a">Berkeley :</marc:subfield>
            <marc:subfield code="b">Quenian Press,</marc:subfield>
            <marc:subfield code="c">1957</marc:subfield>
        </marc:datafield>
        <marc:datafield tag="300" ind1=" " ind2=" ">
            <marc:subfield code="a">19 p. ;</marc:subfield>
            <marc:subfield code="c">16 cm</marc:subfield>
        </marc:datafield>
        <marc:datafield tag="500" ind1=" " ind2=" ">
            <marc:subfield code="a">&quot;Printed for members of the Roxburghe Club of San Francisco and other friends&quot;</marc:subfield>
        </marc:datafield>
    </marc:record>