
    <marc:record>
        <marc:leader>00719nam a22002532a 4500</marc:leader>
        <marc:controlfield tag="001">990111916900107026</marc:controlfield>
        <marc:controlfield tag="003">UkOxU</marc:controlfield>
        <marc:controlfield tag="005">19960601203949.0</marc:controlfield>
        <marc:controlfield tag="008">500101s1974    ke            000 1 eng d</marc:controlfield>
        <marc:datafield tag="020" ind1=" " ind2=" ">
            <marc:subfield code="a">0174320558</marc:subfield>
        </marc:datafield>
        <marc:datafield tag="035" ind1=" " ind2=" ">
            <marc:subfield code="a">(UkOxU)011191690</marc:subfield>
        </marc:datafield>
        <marc:datafield tag="035" ind1=" " ind2=" ">
            <marc:subfield code="a">(UkOxU)011191690BIB01</marc:subfield>
        </marc:datafield>
        <marc:datafield tag="035" ind1=" " ind2=" ">
            <marc:subfield code="a">OCLC ocm08440396 from D950202M</marc:subfield>
        </marc:datafield>
        <marc:datafield tag="040" ind1=" " ind2=" ">
            <marc:subfield code="a">BGU</marc:subfield>
            <marc:subfield code="c">BGU</marc:subfield>
            <marc:subfield code="d">EQO</marc:subfield>
        </marc:datafield>
        <marc:datafield tag="090" ind1=" " ind2=" ">
            <marc:subfield code="a">PS648.S3</marc:subfield>
            <marc:subfield code="b">F37</marc:subfield>
        </marc:datafield>
        <marc:datafield tag="092" ind1=" " ind2=" ">
            <marc:subfield code="a">D0502205208</marc:subfield>
        </marc:datafield>
        <marc:datafield tag="245" ind1="0" ind2="0">
            <marc:subfield code="a">Far out /</marc:subfield>
            <marc:subfield code="c">edited by Arthur J. Arkley</marc:subfield>
        </marc:datafield>
        <marc:datafield tag="260" ind1=" " ind2=" ">
            <marc:subfield code="a">Nairobi :</marc:subfield>
            <marc:subfield code="b">T. Nelson,</marc:subfield>
            <marc:subfield code="c">1974</marc:subfield>
        </marc:datafield>
        <marc:datafield tag="300" ind1=" " ind2=" ">
            <marc:subfield code="a">95 p. ;</marc:subfield>
            <marc:subfield code="c">18 cm</marc:subfield>
        </marc:datafield>
        <marc:datafield tag="500" ind1=" " ind2=" ">
            <marc:subfield code="a">Contains a short story by Ray Bradbury</marc:subfield>
        </marc:datafield>
        <marc:datafield tag="650" ind1=" " ind2="0">
            <marc:subfield code="a">Science fiction.</marc:subfield>
        </marc:datafield>
        <marc:datafield tag="700" ind1="1" ind2=" ">
            <marc:subfield code="a">Arkley, Arthur James.</marc:subfield>
        </marc:datafield>
        <marc:datafield tag="700" ind1="1" ind2=" ">
            <marc:subfield code="a">Bradbury, Ray,</marc:subfield>
            <marc:subfield code="d">1920-2012.</marc:subfield>
            <marc:subfield code="t">Wind.</marc:subfield>
        </marc:datafield>
        <marc:datafield tag="830" ind1=" " ind2="0">
            <marc:subfield code="a">Getaway</marc:subfield>
        </marc:datafield>
    </marc:record>