
    <marc:record>
        <marc:leader>00681nam a2200217   4500</marc:leader>
        <marc:controlfield tag="001">990112043350107026</marc:controlfield>
        <marc:controlfield tag="003">UkOxU</marc:controlfield>
        <marc:controlfield tag="005">20020822164059.0</marc:controlfield>
        <marc:controlfield tag="008">931206s1992    enk           010 1 eng d</marc:controlfield>
        <marc:datafield tag="015" ind1=" " ind2=" ">
            <marc:subfield code="a">GB 93-69240</marc:subfield>
        </marc:datafield>
        <marc:datafield tag="020" ind1=" " ind2=" ">
            <marc:subfield code="a">0727843885</marc:subfield>
        </marc:datafield>
        <marc:datafield tag="035" ind1=" " ind2=" ">
            <marc:subfield code="a">(UkOxU)011204335</marc:subfield>
        </marc:datafield>
        <marc:datafield tag="035" ind1=" " ind2=" ">
            <marc:subfield code="a">(UkOxU)011204335BIB01</marc:subfield>
        </marc:datafield>
        <marc:datafield tag="082" ind1=" " ind2=" ">
            <marc:subfield code="a">823.0108</marc:subfield>
            <marc:subfield code="2">20FS</marc:subfield>
        </marc:datafield>
        <marc:datafield tag="092" ind1=" " ind2=" ">
            <marc:subfield code="a">D0502234653</marc:subfield>
        </marc:datafield>
        <marc:datafield tag="245" ind1="0" ind2="4">
            <marc:subfield code="a">The Bradbury chronicles :</marc:subfield>
            <marc:subfield code="b">stories in honor of Ray Bradbury /</marc:subfield>
            <marc:subfield code="c">edited by William F. Nolan and Martin H. Greenberg</marc:subfield>
        </marc:datafield>
        <marc:datafield tag="260" ind1=" " ind2=" ">
            <marc:subfield code="a">Wallington :</marc:subfield>
            <marc:subfield code="b">Severn House,</marc:subfield>
            <marc:subfield code="c">1992</marc:subfield>
        </marc:datafield>
        <marc:datafield tag="300" ind1=" " ind2=" ">
            <marc:subfield code="a">viii, 328 p</marc:subfield>
        </marc:datafield>
        <marc:datafield tag="700" ind1="1" ind2=" ">
            <marc:subfield code="a">Bradbury, Ray,</marc:subfield>
            <marc:subfield code="d">1920-2012.</marc:subfield>
        </marc:datafield>
        <marc:datafield tag="700" ind1="1" ind2=" ">
            <marc:subfield code="a">Greenberg, Martin Harry.</marc:subfield>
        </marc:datafield>
        <marc:datafield tag="700" ind1="1" ind2=" ">
            <marc:subfield code="a">Nolan, William F.,</marc:subfield>
            <marc:subfield code="d">1928-2021.</marc:subfield>
        </marc:datafield>
    </marc:record>