
    <marc:record>
        <marc:leader>00852nam a22002652a 4500</marc:leader>
        <marc:controlfield tag="001">990112292560107026</marc:controlfield>
        <marc:controlfield tag="003">UkOxU</marc:controlfield>
        <marc:controlfield tag="005">19960602060124.0</marc:controlfield>
        <marc:controlfield tag="008">500101s1956    enk           000 1 eng d</marc:controlfield>
        <marc:datafield tag="010" ind1=" " ind2=" ">
            <marc:subfield code="a">GB56-6502</marc:subfield>
        </marc:datafield>
        <marc:datafield tag="035" ind1=" " ind2=" ">
            <marc:subfield code="a">(UkOxU)011229256</marc:subfield>
        </marc:datafield>
        <marc:datafield tag="035" ind1=" " ind2=" ">
            <marc:subfield code="a">(UkOxU)011229256BIB01</marc:subfield>
        </marc:datafield>
        <marc:datafield tag="035" ind1=" " ind2=" ">
            <marc:subfield code="a">OCLC ocm08328327 from D950308M</marc:subfield>
        </marc:datafield>
        <marc:datafield tag="040" ind1=" " ind2=" ">
            <marc:subfield code="a">BGU</marc:subfield>
            <marc:subfield code="c">BGU</marc:subfield>
            <marc:subfield code="d">UKM</marc:subfield>
            <marc:subfield code="d">EQO</marc:subfield>
        </marc:datafield>
        <marc:datafield tag="082" ind1=" " ind2=" ">
            <marc:subfield code="a">823.91</marc:subfield>
            <marc:subfield code="2">18</marc:subfield>
        </marc:datafield>
        <marc:datafield tag="090" ind1=" " ind2=" ">
            <marc:subfield code="a">PS3503.R167</marc:subfield>
            <marc:subfield code="b">M3 1956</marc:subfield>
        </marc:datafield>
        <marc:datafield tag="092" ind1=" " ind2=" ">
            <marc:subfield code="a">D0502291734</marc:subfield>
        </marc:datafield>
        <marc:datafield tag="100" ind1="1" ind2=" ">
            <marc:subfield code="a">Bradbury, Ray,</marc:subfield>
            <marc:subfield code="d">1920-2012.</marc:subfield>
        </marc:datafield>
        <marc:datafield tag="245" ind1="1" ind2="4">
            <marc:subfield code="a">The silver locusts /</marc:subfield>
            <marc:subfield code="c">by Ray Bradbury</marc:subfield>
        </marc:datafield>
        <marc:datafield tag="260" ind1=" " ind2=" ">
            <marc:subfield code="a">London :</marc:subfield>
            <marc:subfield code="b">Transworld,</marc:subfield>
            <marc:subfield code="c">1956</marc:subfield>
        </marc:datafield>
        <marc:datafield tag="300" ind1=" " ind2=" ">
            <marc:subfield code="a">256 p. ;</marc:subfield>
            <marc:subfield code="c">17 cm</marc:subfield>
        </marc:datafield>
        <marc:datafield tag="500" ind1=" " ind2=" ">
            <marc:subfield code="a">Contents vary slightly from U.S. edition, published under title: The Martian chronicles</marc:subfield>
        </marc:datafield>
        <marc:datafield tag="500" ind1=" " ind2=" ">
            <marc:subfield code="a">First British paperback edition</marc:subfield>
        </marc:datafield>
        <marc:datafield tag="700" ind1="1" ind2=" ">
            <marc:subfield code="a">Bradbury, Ray,</marc:subfield>
            <marc:subfield code="d">1920-2012.</marc:subfield>
            <marc:subfield code="t">Martian chronicles.</marc:subfield>
        </marc:datafield>
        <marc:datafield tag="830" ind1=" " ind2="0">
            <marc:subfield code="a">Corgi book ;</marc:subfield>
            <marc:subfield code="v">886.</marc:subfield>
        </marc:datafield>
    </marc:record>