
    <marc:record>
        <marc:leader>00644nam a22002292a 4500</marc:leader>
        <marc:controlfield tag="001">990112293010107026</marc:controlfield>
        <marc:controlfield tag="003">UkOxU</marc:controlfield>
        <marc:controlfield tag="005">19960602060154.0</marc:controlfield>
        <marc:controlfield tag="008">500101s1957    xx            000 0 eng d</marc:controlfield>
        <marc:datafield tag="010" ind1=" " ind2=" ">
            <marc:subfield code="a">GB57-15563</marc:subfield>
        </marc:datafield>
        <marc:datafield tag="020" ind1=" " ind2=" ">
            <marc:subfield code="a">0246643072</marc:subfield>
        </marc:datafield>
        <marc:datafield tag="035" ind1=" " ind2=" ">
            <marc:subfield code="a">(UkOxU)011229301</marc:subfield>
        </marc:datafield>
        <marc:datafield tag="035" ind1=" " ind2=" ">
            <marc:subfield code="a">(UkOxU)011229301BIB01</marc:subfield>
        </marc:datafield>
        <marc:datafield tag="035" ind1=" " ind2=" ">
            <marc:subfield code="a">OCLC ocm01266806 from D950308M</marc:subfield>
        </marc:datafield>
        <marc:datafield tag="040" ind1=" " ind2=" ">
            <marc:subfield code="a">SLC</marc:subfield>
            <marc:subfield code="c">SLC</marc:subfield>
            <marc:subfield code="d">UKM</marc:subfield>
            <marc:subfield code="d">CGP</marc:subfield>
            <marc:subfield code="d">EQO</marc:subfield>
        </marc:datafield>
        <marc:datafield tag="090" ind1=" " ind2=" ">
            <marc:subfield code="a">PS3503.R167</marc:subfield>
            <marc:subfield code="b">D26 1957</marc:subfield>
        </marc:datafield>
        <marc:datafield tag="092" ind1=" " ind2=" ">
            <marc:subfield code="a">D0502291829</marc:subfield>
        </marc:datafield>
        <marc:datafield tag="100" ind1="1" ind2=" ">
            <marc:subfield code="a">Bradbury, Ray,</marc:subfield>
            <marc:subfield code="d">1920-2012.</marc:subfield>
        </marc:datafield>
        <marc:datafield tag="245" ind1="1" ind2="0">
            <marc:subfield code="a">Dandelion wine</marc:subfield>
        </marc:datafield>
        <marc:datafield tag="260" ind1=" " ind2=" ">
            <marc:subfield code="a">London :</marc:subfield>
            <marc:subfield code="b">R. Hart-Davis,</marc:subfield>
            <marc:subfield code="c">[c1957]</marc:subfield>
        </marc:datafield>
        <marc:datafield tag="300" ind1=" " ind2=" ">
            <marc:subfield code="a">183 p.</marc:subfield>
            <marc:subfield code="c">21 cm</marc:subfield>
        </marc:datafield>
        <marc:datafield tag="650" ind1=" " ind2="0">
            <marc:subfield code="a">City and town life</marc:subfield>
            <marc:subfield code="z">Illinois</marc:subfield>
            <marc:subfield code="x">Fiction.</marc:subfield>
        </marc:datafield>
    </marc:record>