
    <marc:record>
        <marc:leader>00830cam a22002652a 4500</marc:leader>
        <marc:controlfield tag="001">990112293630107026</marc:controlfield>
        <marc:controlfield tag="003">UkOxU</marc:controlfield>
        <marc:controlfield tag="005">19960620161732.0</marc:controlfield>
        <marc:controlfield tag="008">500101r19701969enk           000 1 eng d</marc:controlfield>
        <marc:datafield tag="010" ind1=" " ind2=" ">
            <marc:subfield code="a">GB71-5369</marc:subfield>
        </marc:datafield>
        <marc:datafield tag="020" ind1=" " ind2=" ">
            <marc:subfield code="a">0722117140 (pbk)</marc:subfield>
        </marc:datafield>
        <marc:datafield tag="035" ind1=" " ind2=" ">
            <marc:subfield code="a">(UkOxU)011229363</marc:subfield>
        </marc:datafield>
        <marc:datafield tag="035" ind1=" " ind2=" ">
            <marc:subfield code="a">(UkOxU)011229363BIB01</marc:subfield>
        </marc:datafield>
        <marc:datafield tag="035" ind1=" " ind2=" ">
            <marc:subfield code="a">OCLC ocm16214972 from D950308M</marc:subfield>
        </marc:datafield>
        <marc:datafield tag="040" ind1=" " ind2=" ">
            <marc:subfield code="a">UKM</marc:subfield>
            <marc:subfield code="c">UKM</marc:subfield>
            <marc:subfield code="d">EQO</marc:subfield>
        </marc:datafield>
        <marc:datafield tag="082" ind1=" " ind2=" ">
            <marc:subfield code="a">823/.9/1</marc:subfield>
            <marc:subfield code="2">18</marc:subfield>
        </marc:datafield>
        <marc:datafield tag="092" ind1=" " ind2=" ">
            <marc:subfield code="a">D0502291960</marc:subfield>
        </marc:datafield>
        <marc:datafield tag="100" ind1="1" ind2=" ">
            <marc:subfield code="a">Bradbury, Ray,</marc:subfield>
            <marc:subfield code="d">1920-2012.</marc:subfield>
        </marc:datafield>
        <marc:datafield tag="240" ind1="1" ind2="0">
            <marc:subfield code="a">Bloch and Bradbury</marc:subfield>
        </marc:datafield>
        <marc:datafield tag="245" ind1="1" ind2="0">
            <marc:subfield code="a">Fever dream and other fantasies /</marc:subfield>
            <marc:subfield code="c">Ray Bradbury and Robert Bloch</marc:subfield>
        </marc:datafield>
        <marc:datafield tag="260" ind1=" " ind2=" ">
            <marc:subfield code="a">London :</marc:subfield>
            <marc:subfield code="b">Sphere,</marc:subfield>
            <marc:subfield code="c">1970</marc:subfield>
        </marc:datafield>
        <marc:datafield tag="300" ind1=" " ind2=" ">
            <marc:subfield code="a">157 p. ;</marc:subfield>
            <marc:subfield code="c">18 cm</marc:subfield>
        </marc:datafield>
        <marc:datafield tag="500" ind1=" " ind2=" ">
            <marc:subfield code="a">This collection originally published as 'Bloch and Bradbury'. New York: Ballantyne, 1969</marc:subfield>
        </marc:datafield>
        <marc:datafield tag="700" ind1="1" ind2=" ">
            <marc:subfield code="a">Bloch, Robert,</marc:subfield>
            <marc:subfield code="d">1917-1994.</marc:subfield>
        </marc:datafield>
        <marc:datafield tag="830" ind1=" " ind2="0">
            <marc:subfield code="a">Sphere occult</marc:subfield>
        </marc:datafield>
    </marc:record>