
    <marc:record>
        <marc:leader>00553nam a2200205 a 4500</marc:leader>
        <marc:controlfield tag="001">990113958390107026</marc:controlfield>
        <marc:controlfield tag="003">UkOxU</marc:controlfield>
        <marc:controlfield tag="005">19960604125008.0</marc:controlfield>
        <marc:controlfield tag="008">940809r19931953enk           000 1 eng d</marc:controlfield>
        <marc:datafield tag="020" ind1=" " ind2=" ">
            <marc:subfield code="a">058604356X</marc:subfield>
        </marc:datafield>
        <marc:datafield tag="035" ind1=" " ind2=" ">
            <marc:subfield code="a">(UkOxU)011395839</marc:subfield>
        </marc:datafield>
        <marc:datafield tag="035" ind1=" " ind2=" ">
            <marc:subfield code="a">(UkOxU)011395839BIB01</marc:subfield>
        </marc:datafield>
        <marc:datafield tag="035" ind1=" " ind2=" ">
            <marc:subfield code="a">BNB issue 2303</marc:subfield>
        </marc:datafield>
        <marc:datafield tag="082" ind1=" " ind2=" ">
            <marc:subfield code="a">813.54</marc:subfield>
            <marc:subfield code="d">F</marc:subfield>
            <marc:subfield code="2">20</marc:subfield>
        </marc:datafield>
        <marc:datafield tag="092" ind1=" " ind2=" ">
            <marc:subfield code="a">D0502675068</marc:subfield>
        </marc:datafield>
        <marc:datafield tag="100" ind1="1" ind2=" ">
            <marc:subfield code="a">Bradbury, Ray,</marc:subfield>
            <marc:subfield code="d">1920-2012.</marc:subfield>
        </marc:datafield>
        <marc:datafield tag="245" ind1="1" ind2="0">
            <marc:subfield code="a">Fahrenheit 451</marc:subfield>
        </marc:datafield>
        <marc:datafield tag="260" ind1=" " ind2=" ">
            <marc:subfield code="a">London :</marc:subfield>
            <marc:subfield code="b">HarperCollins,</marc:subfield>
            <marc:subfield code="c">1993</marc:subfield>
        </marc:datafield>
        <marc:datafield tag="300" ind1=" " ind2=" ">
            <marc:subfield code="a">184 p</marc:subfield>
        </marc:datafield>
        <marc:datafield tag="500" ind1=" " ind2=" ">
            <marc:subfield code="a">Originally published: New York : Ballantine, 1953</marc:subfield>
        </marc:datafield>
    </marc:record>