
    <marc:record>
        <marc:leader>02232cgm a2200529 a 4500</marc:leader>
        <marc:controlfield tag="001">990159586310107026</marc:controlfield>
        <marc:controlfield tag="003">UkOxU</marc:controlfield>
        <marc:controlfield tag="005">20060928123551.0</marc:controlfield>
        <marc:controlfield tag="007">vd cvaizm</marc:controlfield>
        <marc:controlfield tag="008">040524p20041966fr 108            vlfre d</marc:controlfield>
        <marc:datafield tag="024" ind1="3" ind2=" ">
            <marc:subfield code="a">3700224300340</marc:subfield>
        </marc:datafield>
        <marc:datafield tag="035" ind1=" " ind2=" ">
            <marc:subfield code="a">(CStRLIN)RIBGB35250860-F</marc:subfield>
        </marc:datafield>
        <marc:datafield tag="035" ind1=" " ind2=" ">
            <marc:subfield code="a">(RPB)b35250860</marc:subfield>
        </marc:datafield>
        <marc:datafield tag="035" ind1=" " ind2=" ">
            <marc:subfield code="a">(UkOxU)015958631</marc:subfield>
        </marc:datafield>
        <marc:datafield tag="035" ind1=" " ind2=" ">
            <marc:subfield code="a">(UkOxU)015958631BIB01</marc:subfield>
        </marc:datafield>
        <marc:datafield tag="040" ind1=" " ind2=" ">
            <marc:subfield code="a">RPB</marc:subfield>
            <marc:subfield code="c">RPB</marc:subfield>
            <marc:subfield code="d">CStRLIN</marc:subfield>
        </marc:datafield>
        <marc:datafield tag="041" ind1="1" ind2=" ">
            <marc:subfield code="a">eng</marc:subfield>
            <marc:subfield code="a">fre</marc:subfield>
            <marc:subfield code="h">eng</marc:subfield>
        </marc:datafield>
        <marc:datafield tag="043" ind1=" " ind2=" ">
            <marc:subfield code="a">e-fr---</marc:subfield>
        </marc:datafield>
        <marc:datafield tag="245" ind1="0" ind2="0">
            <marc:subfield code="a">Fahrenheit 451</marc:subfield>
            <marc:subfield code="h">[videorecording] /</marc:subfield>
            <marc:subfield code="c">Universal release ; scénario, François Truffaut et Jean-Louis Richard, d'aprés le roman de Ray Bradbury ; dialogues, David Rudkin et Helen Scott ; un film de François Truffaut.</marc:subfield>
        </marc:datafield>
        <marc:datafield tag="246" ind1="3" ind2=" ">
            <marc:subfield code="a">Fahrenheit four fifty-one</marc:subfield>
            <marc:subfield code="h">[videorecording]</marc:subfield>
        </marc:datafield>
        <marc:datafield tag="260" ind1=" " ind2=" ">
            <marc:subfield code="a">[Paris] :</marc:subfield>
            <marc:subfield code="b">MK2 Editions,</marc:subfield>
            <marc:subfield code="c">c2004.</marc:subfield>
        </marc:datafield>
        <marc:datafield tag="300" ind1=" " ind2=" ">
            <marc:subfield code="a">1 DVD (108 min.) :</marc:subfield>
            <marc:subfield code="b">sd., col. ;</marc:subfield>
            <marc:subfield code="c">4 3/4 in.</marc:subfield>
        </marc:datafield>
        <marc:datafield tag="500" ind1=" " ind2=" ">
            <marc:subfield code="a">Based on the novel Fahrenheit 451, by Ray Bradbury.</marc:subfield>
        </marc:datafield>
        <marc:datafield tag="500" ind1=" " ind2=" ">
            <marc:subfield code="a">Originally produced as a motion picture in 1966.</marc:subfield>
        </marc:datafield>
        <marc:datafield tag="508" ind1=" " ind2=" ">
            <marc:subfield code="a">Director of photography, Nicolas Roeg ; film editor, Thom Noble ; music, Bernard Herrmann.</marc:subfield>
        </marc:datafield>
        <marc:datafield tag="511" ind1="1" ind2=" ">
            <marc:subfield code="a">Cast: Oskar Werner, Julie Christie, Cyril Cusack, Anton Diffring, Jeremy Spenser.</marc:subfield>
        </marc:datafield>
        <marc:datafield tag="520" ind1=" " ind2=" ">
            <marc:subfield code="a">In a future when books are banned and destroyed by the government, a fireman in charge of the burning becomes involved with a schoolteacher who flaunts the law by collecting and reading books.</marc:subfield>
        </marc:datafield>
        <marc:datafield tag="538" ind1=" " ind2=" ">
            <marc:subfield code="a">DVD; PAL 2; mono.</marc:subfield>
        </marc:datafield>
        <marc:datafield tag="546" ind1=" " ind2=" ">
            <marc:subfield code="a">In English and French; French subtitles on English version.</marc:subfield>
        </marc:datafield>
        <marc:datafield tag="650" ind1=" " ind2="0">
            <marc:subfield code="a">Book burning</marc:subfield>
            <marc:subfield code="v">Drama.</marc:subfield>
        </marc:datafield>
        <marc:datafield tag="650" ind1=" " ind2="0">
            <marc:subfield code="a">Censorship</marc:subfield>
            <marc:subfield code="v">Drama.</marc:subfield>
        </marc:datafield>
        <marc:datafield tag="650" ind1=" " ind2="0">
            <marc:subfield code="a">Feature films</marc:subfield>
            <marc:subfield code="z">France.</marc:subfield>
        </marc:datafield>
        <marc:datafield tag="650" ind1=" " ind2="0">
            <marc:subfield code="a">Science fiction films.</marc:subfield>
        </marc:datafield>
        <marc:datafield tag="700" ind1="1" ind2=" ">
            <marc:subfield code="a">Allen, Lewis M.,</marc:subfield>
            <marc:subfield code="d">1922-2003.</marc:subfield>
        </marc:datafield>
        <marc:datafield tag="700" ind1="1" ind2=" ">
            <marc:subfield code="a">Bradbury, Ray,</marc:subfield>
            <marc:subfield code="d">1920-2012.</marc:subfield>
            <marc:subfield code="t">Fahrenheit 451.</marc:subfield>
        </marc:datafield>
        <marc:datafield tag="700" ind1="1" ind2=" ">
            <marc:subfield code="a">Christie, Julie,</marc:subfield>
            <marc:subfield code="d">1941-</marc:subfield>
        </marc:datafield>
        <marc:datafield tag="700" ind1="1" ind2=" ">
            <marc:subfield code="a">Cusack, Cyril,</marc:subfield>
            <marc:subfield code="d">1910-1993.</marc:subfield>
        </marc:datafield>
        <marc:datafield tag="700" ind1="1" ind2=" ">
            <marc:subfield code="a">Diffring, Anton,</marc:subfield>
            <marc:subfield code="d">1918-1989.</marc:subfield>
        </marc:datafield>
        <marc:datafield tag="700" ind1="1" ind2=" ">
            <marc:subfield code="a">Herrmann, Bernard,</marc:subfield>
            <marc:subfield code="d">1911-1975.</marc:subfield>
        </marc:datafield>
        <marc:datafield tag="700" ind1="1" ind2=" ">
            <marc:subfield code="a">Noble, Thom.</marc:subfield>
        </marc:datafield>
        <marc:datafield tag="700" ind1="1" ind2=" ">
            <marc:subfield code="a">Richard, Jean-Louis.</marc:subfield>
        </marc:datafield>
        <marc:datafield tag="700" ind1="1" ind2=" ">
            <marc:subfield code="a">Roeg, Nicolas,</marc:subfield>
            <marc:subfield code="d">1928-2018.</marc:subfield>
        </marc:datafield>
        <marc:datafield tag="700" ind1="1" ind2=" ">
            <marc:subfield code="a">Spenser, Jeremy,</marc:subfield>
            <marc:subfield code="d">1937-</marc:subfield>
        </marc:datafield>
        <marc:datafield tag="700" ind1="1" ind2=" ">
            <marc:subfield code="a">Truffaut, François.</marc:subfield>
        </marc:datafield>
        <marc:datafield tag="700" ind1="1" ind2=" ">
            <marc:subfield code="a">Werner, Oskar,</marc:subfield>
            <marc:subfield code="d">1922-1984.</marc:subfield>
        </marc:datafield>
        <marc:datafield tag="710" ind1="2" ind2=" ">
            <marc:subfield code="a">MK2 Productions.</marc:subfield>
        </marc:datafield>
        <marc:datafield tag="710" ind1="2" ind2=" ">
            <marc:subfield code="a">Universal Pictures (Firm)</marc:subfield>
        </marc:datafield>
    </marc:record>