
    <marc:record>
        <marc:leader>01237nam a2200229 a 4500</marc:leader>
        <marc:controlfield tag="001">990160486210107026</marc:controlfield>
        <marc:controlfield tag="003">UkOxU</marc:controlfield>
        <marc:controlfield tag="005">20060508101448.0</marc:controlfield>
        <marc:controlfield tag="008">060405s1978    fr            000 1 fre d</marc:controlfield>
        <marc:datafield tag="020" ind1=" " ind2=" ">
            <marc:subfield code="a">2700701224</marc:subfield>
        </marc:datafield>
        <marc:datafield tag="035" ind1=" " ind2=" ">
            <marc:subfield code="a">(UkOxU)016048621</marc:subfield>
        </marc:datafield>
        <marc:datafield tag="035" ind1=" " ind2=" ">
            <marc:subfield code="a">(UkOxU)016048621BIB01</marc:subfield>
        </marc:datafield>
        <marc:datafield tag="041" ind1="1" ind2=" ">
            <marc:subfield code="a">fre</marc:subfield>
            <marc:subfield code="a">eng</marc:subfield>
            <marc:subfield code="h">eng</marc:subfield>
        </marc:datafield>
        <marc:datafield tag="245" ind1="0" ind2="0">
            <marc:subfield code="a">Science-fiction :</marc:subfield>
            <marc:subfield code="b">sept nouvelles = Science-fiction : 7 short stories /</marc:subfield>
            <marc:subfield code="c">par Ray Bradbury ... [et al.]. ; introduction par G. Cordesse ; traduction par Marie Tadié.</marc:subfield>
        </marc:datafield>
        <marc:datafield tag="246" ind1="1" ind2="5">
            <marc:subfield code="a">Sept nouvelles de science-fiction</marc:subfield>
        </marc:datafield>
        <marc:datafield tag="246" ind1="3" ind2="1">
            <marc:subfield code="a">Science-fiction :</marc:subfield>
            <marc:subfield code="b">7 short stories</marc:subfield>
        </marc:datafield>
        <marc:datafield tag="260" ind1=" " ind2=" ">
            <marc:subfield code="a">Paris :</marc:subfield>
            <marc:subfield code="b">Aubier-Flammarion,</marc:subfield>
            <marc:subfield code="c">1978.</marc:subfield>
        </marc:datafield>
        <marc:datafield tag="300" ind1=" " ind2=" ">
            <marc:subfield code="a">318 p. ;</marc:subfield>
            <marc:subfield code="c">18 cm.</marc:subfield>
        </marc:datafield>
        <marc:datafield tag="505" ind1="0" ind2=" ">
            <marc:subfield code="a">Un parfum de salsepareille = A scent of Sarsaparilla / Ray Bradbury -- Tour l'été un jour = All summer in one day / Ray Bradbury -- Celui qui atttend = The one who waits / Ray Bradbury -- La forêt verte = The green forest / A.E. van Vogt -- Vingt-quatre heures de trêve = Day of truce / Clifford D. Simak -- Les petites bêtes = small deer / Clifford D. Simak -- L'os = The glitch / James Blish.</marc:subfield>
        </marc:datafield>
        <marc:datafield tag="546" ind1=" " ind2=" ">
            <marc:subfield code="a">English text with French translation on facing pages ; introduction in French.</marc:subfield>
        </marc:datafield>
        <marc:datafield tag="700" ind1="1" ind2=" ">
            <marc:subfield code="a">Bradbury, Ray,</marc:subfield>
            <marc:subfield code="d">1920-2012.</marc:subfield>
        </marc:datafield>
        <marc:datafield tag="700" ind1="1" ind2=" ">
            <marc:subfield code="a">Tadié, Marie.</marc:subfield>
        </marc:datafield>
    </marc:record>