
    <marc:record>
        <marc:leader>04120cam a2200385 i 4500</marc:leader>
        <marc:controlfield tag="001">990232172190107026</marc:controlfield>
        <marc:controlfield tag="003">UkOxU</marc:controlfield>
        <marc:controlfield tag="005">20221128130302.0</marc:controlfield>
        <marc:controlfield tag="008">220113t20222022nyua     b    000 m eng d</marc:controlfield>
        <marc:datafield tag="020" ind1=" " ind2=" ">
            <marc:subfield code="a">1598537288</marc:subfield>
            <marc:subfield code="q">hardback</marc:subfield>
        </marc:datafield>
        <marc:datafield tag="020" ind1=" " ind2=" ">
            <marc:subfield code="a">9781598537284</marc:subfield>
            <marc:subfield code="q">hardback</marc:subfield>
        </marc:datafield>
        <marc:datafield tag="035" ind1=" " ind2=" ">
            <marc:subfield code="a">(OCoLC)1291876855</marc:subfield>
            <marc:subfield code="z">(OCoLC)1291694101</marc:subfield>
            <marc:subfield code="z">(OCoLC)1291734399</marc:subfield>
        </marc:datafield>
        <marc:datafield tag="035" ind1=" " ind2=" ">
            <marc:subfield code="a">(UkOxU)023217219</marc:subfield>
        </marc:datafield>
        <marc:datafield tag="035" ind1=" " ind2=" ">
            <marc:subfield code="a">(UkOxU)023217219BIB01</marc:subfield>
        </marc:datafield>
        <marc:datafield tag="040" ind1=" " ind2=" ">
            <marc:subfield code="a">YDX</marc:subfield>
            <marc:subfield code="b">eng</marc:subfield>
            <marc:subfield code="e">rda</marc:subfield>
            <marc:subfield code="c">YDX</marc:subfield>
            <marc:subfield code="d">IBV</marc:subfield>
            <marc:subfield code="d">TOH</marc:subfield>
            <marc:subfield code="d">ZGX</marc:subfield>
            <marc:subfield code="d">OQX</marc:subfield>
            <marc:subfield code="d">OCLCF</marc:subfield>
            <marc:subfield code="d">HDC</marc:subfield>
            <marc:subfield code="d">IBI</marc:subfield>
            <marc:subfield code="d">UkOxU</marc:subfield>
        </marc:datafield>
        <marc:datafield tag="050" ind1=" " ind2="4">
            <marc:subfield code="a">PS3503.R167</marc:subfield>
            <marc:subfield code="b">A6 2022</marc:subfield>
        </marc:datafield>
        <marc:datafield tag="082" ind1="0" ind2="4">
            <marc:subfield code="a">813.54</marc:subfield>
            <marc:subfield code="2">23</marc:subfield>
        </marc:datafield>
        <marc:datafield tag="100" ind1="1" ind2=" ">
            <marc:subfield code="a">Bradbury, Ray,</marc:subfield>
            <marc:subfield code="d">1920-2012,</marc:subfield>
            <marc:subfield code="e">author.</marc:subfield>
        </marc:datafield>
        <marc:datafield tag="240" ind1="1" ind2="0">
            <marc:subfield code="a">Works.</marc:subfield>
            <marc:subfield code="k">Selections.</marc:subfield>
            <marc:subfield code="f">2022</marc:subfield>
        </marc:datafield>
        <marc:datafield tag="245" ind1="1" ind2="0">
            <marc:subfield code="a">Ray Bradbury :</marc:subfield>
            <marc:subfield code="b">The illustrated man ; The October country ; other stories /</marc:subfield>
            <marc:subfield code="c">Jonathan R. Eller, editor.</marc:subfield>
        </marc:datafield>
        <marc:datafield tag="246" ind1="3" ind2="0">
            <marc:subfield code="a">Illustrated man ; The October country ; other stories</marc:subfield>
        </marc:datafield>
        <marc:datafield tag="264" ind1=" " ind2="1">
            <marc:subfield code="a">New York :</marc:subfield>
            <marc:subfield code="b">Library of America,</marc:subfield>
            <marc:subfield code="c">2022</marc:subfield>
        </marc:datafield>
        <marc:datafield tag="264" ind1=" " ind2="4">
            <marc:subfield code="c">©2022</marc:subfield>
        </marc:datafield>
        <marc:datafield tag="300" ind1=" " ind2=" ">
            <marc:subfield code="a">x, 979 pages :</marc:subfield>
            <marc:subfield code="b">illustrations ;</marc:subfield>
            <marc:subfield code="c">21 cm</marc:subfield>
        </marc:datafield>
        <marc:datafield tag="336" ind1=" " ind2=" ">
            <marc:subfield code="a">text</marc:subfield>
            <marc:subfield code="2">rdacontent</marc:subfield>
        </marc:datafield>
        <marc:datafield tag="337" ind1=" " ind2=" ">
            <marc:subfield code="a">unmediated</marc:subfield>
            <marc:subfield code="2">rdamedia</marc:subfield>
        </marc:datafield>
        <marc:datafield tag="338" ind1=" " ind2=" ">
            <marc:subfield code="a">volume</marc:subfield>
            <marc:subfield code="2">rdacarrier</marc:subfield>
        </marc:datafield>
        <marc:datafield tag="490" ind1="1" ind2=" ">
            <marc:subfield code="a">The library of America ;</marc:subfield>
            <marc:subfield code="v">360</marc:subfield>
        </marc:datafield>
        <marc:datafield tag="505" ind1="0" ind2="0">
            <marc:subfield code="g">The</marc:subfield>
            <marc:subfield code="t">Illustrated Man --</marc:subfield>
            <marc:subfield code="g">The</marc:subfield>
            <marc:subfield code="t">October Country --</marc:subfield>
            <marc:subfield code="t">Other Stories --</marc:subfield>
            <marc:subfield code="t">R Is for Rocket --</marc:subfield>
            <marc:subfield code="t">Chrysalis --</marc:subfield>
            <marc:subfield code="t">Frost and Fire --</marc:subfield>
            <marc:subfield code="t">Powerhouse --</marc:subfield>
            <marc:subfield code="t">Pillar of Fire --</marc:subfield>
            <marc:subfield code="t">Asleep in Armageddon --</marc:subfield>
            <marc:subfield code="t">Dark They Were, and Golden-eyed --</marc:subfield>
            <marc:subfield code="g">A</marc:subfield>
            <marc:subfield code="t">Touch of Petulance --</marc:subfield>
            <marc:subfield code="g">The</marc:subfield>
            <marc:subfield code="t">Screaming Woman --</marc:subfield>
            <marc:subfield code="g">The</marc:subfield>
            <marc:subfield code="t">Fog Horn --</marc:subfield>
            <marc:subfield code="g">The</marc:subfield>
            <marc:subfield code="t">Pedestrian --</marc:subfield>
            <marc:subfield code="g">The</marc:subfield>
            <marc:subfield code="t">Playground --</marc:subfield>
            <marc:subfield code="g">A</marc:subfield>
            <marc:subfield code="t">Sound of Thunder --</marc:subfield>
            <marc:subfield code="g">The</marc:subfield>
            <marc:subfield code="t">Great Wide World Over There --</marc:subfield>
            <marc:subfield code="g">The</marc:subfield>
            <marc:subfield code="t">Golden Apples of the Sun --</marc:subfield>
            <marc:subfield code="t">And the Rock Cried Out --</marc:subfield>
            <marc:subfield code="t">All Summer in a Day --</marc:subfield>
            <marc:subfield code="t">Interval in Sunlight --</marc:subfield>
            <marc:subfield code="t">At Midnight, in the Month of June --</marc:subfield>
            <marc:subfield code="g">The</marc:subfield>
            <marc:subfield code="t">Strawberry Window --</marc:subfield>
            <marc:subfield code="t">Icarus Montgolfier Wright --</marc:subfield>
            <marc:subfield code="g">The</marc:subfield>
            <marc:subfield code="t">End of the Beginning --</marc:subfield>
            <marc:subfield code="g">The</marc:subfield>
            <marc:subfield code="t">Day It Rained Forever --</marc:subfield>
            <marc:subfield code="g">A</marc:subfield>
            <marc:subfield code="t">Miracle of Rare Device --</marc:subfield>
            <marc:subfield code="g">The</marc:subfield>
            <marc:subfield code="t">Kilimanjaro Device --</marc:subfield>
            <marc:subfield code="g">The</marc:subfield>
            <marc:subfield code="t">Lost City of Mars --</marc:subfield>
            <marc:subfield code="t">I Sing the Body Electric!</marc:subfield>
        </marc:datafield>
        <marc:datafield tag="520" ind1=" " ind2=" ">
            <marc:subfield code="a">In one authoritative volume, here are two landmark story collections by one of America's most beloved authors, plus 27 stellar, speculative, and strange tales from other collections, including 7 restored to print The author of over 400 short stories, Ray Bradbury was a master not only in the science fiction genre, for which he is best known, but also in speculative, horror, and dark fantasy. Here are two of Bradbury's most beloved collections, along with twenty-seven other stories, that together represent the best of Bradbury's stories of the 1940s, 50s, and 60s. The Illustrated Man--the more Earthbound science fiction companion to Bradbury's classic collection The Martian Chronicles--contains eighteen short stories bound together by the unifying metaphor of a strangely tattooed outcast. The stories explore both the dehumanizing possibilities of space-age technology--in &quot;The Veldt&quot; and &quot;The Rocket Man&quot;--and the pessimistic, dark side of humanity, as in &quot;The Visitor.&quot; The October Country collects nineteen short stories: macabre carnival tales, speculative horror, and strange fantasy. &quot;Uncle Einar&quot; and &quot;Homecoming&quot; concern the monstrous and immortal Elliott family. In &quot;The Next in Line,&quot; a woman becomes convinced that she'll never leave the small, Mexican town she's traveled to on vacation. And in &quot;Touched with Fire,&quot; two old men have learned to predict future murders. This edition restores the original artwork by Joe Mugnaini. Rounding out the volume are twenty-seven other short stories from the first half of Bradbury's career selected by Bradbury scholar Joanthan R, Eller, including &quot;Frost and Fire,&quot; in which humans on another planet live only eight days; &quot;The Pedestrian,&quot; about the only man in the world who does not watch television, and &quot;I Sing the Body Electric!,&quot; in which a family purchases a robotic grandmother. Also includes such hard to find stories as &quot;R is for Rocket,&quot; &quot;Asleep in Armageddon,&quot; and &quot;The Lost City of Mars.&quot;</marc:subfield>
        </marc:datafield>
        <marc:datafield tag="650" ind1=" " ind2="0">
            <marc:subfield code="a">Science fiction, American</marc:subfield>
            <marc:subfield code="y">20th century.</marc:subfield>
        </marc:datafield>
        <marc:datafield tag="700" ind1="1" ind2=" ">
            <marc:subfield code="a">Eller, Jonathan R.,</marc:subfield>
            <marc:subfield code="d">1952-</marc:subfield>
            <marc:subfield code="e">editor.</marc:subfield>
        </marc:datafield>
        <marc:datafield tag="700" ind1="1" ind2="2">
            <marc:subfield code="a">Bradbury, Ray,</marc:subfield>
            <marc:subfield code="d">1920-2012.</marc:subfield>
            <marc:subfield code="t">Illustrated man.</marc:subfield>
        </marc:datafield>
        <marc:datafield tag="700" ind1="1" ind2="2">
            <marc:subfield code="a">Bradbury, Ray,</marc:subfield>
            <marc:subfield code="d">1920-2012.</marc:subfield>
            <marc:subfield code="t">October country.</marc:subfield>
        </marc:datafield>
        <marc:datafield tag="830" ind1=" " ind2="0">
            <marc:subfield code="a">Library of America ;</marc:subfield>
            <marc:subfield code="v">360.</marc:subfield>
        </marc:datafield>
    </marc:record>