
    <marc:record>
        <marc:leader>02352ngm a2200589 i 4500</marc:leader>
        <marc:controlfield tag="001">991004275209707026</marc:controlfield>
        <marc:controlfield tag="003">UkOxU</marc:controlfield>
        <marc:controlfield tag="005">20230627095548.0</marc:controlfield>
        <marc:controlfield tag="006">m     o  c        </marc:controlfield>
        <marc:controlfield tag="007">cr una---unuuu</marc:controlfield>
        <marc:controlfield tag="007">vz uzazuu</marc:controlfield>
        <marc:controlfield tag="008">230620p20232019cau083        o   vleng d</marc:controlfield>
        <marc:datafield tag="028" ind1="5" ind2="2">
            <marc:subfield code="a">13830855</marc:subfield>
            <marc:subfield code="b">Kanopy</marc:subfield>
        </marc:datafield>
        <marc:datafield tag="035" ind1=" " ind2=" ">
            <marc:subfield code="a">(UkOxU)001783431</marc:subfield>
            <marc:subfield code="9">ExL</marc:subfield>
        </marc:datafield>
        <marc:datafield tag="035" ind1=" " ind2=" ">
            <marc:subfield code="a">001783431-44oxf_inst</marc:subfield>
        </marc:datafield>
        <marc:datafield tag="040" ind1=" " ind2=" ">
            <marc:subfield code="a">CaSfKAN</marc:subfield>
            <marc:subfield code="b">eng</marc:subfield>
            <marc:subfield code="e">rda</marc:subfield>
            <marc:subfield code="c">CaSfKAN</marc:subfield>
        </marc:datafield>
        <marc:datafield tag="245" ind1="0" ind2="0">
            <marc:subfield code="a">When the World Breaks.</marc:subfield>
        </marc:datafield>
        <marc:datafield tag="264" ind1=" " ind2="1">
            <marc:subfield code="a">[San Francisco, California, USA] :</marc:subfield>
            <marc:subfield code="b">Kanopy Streaming,</marc:subfield>
            <marc:subfield code="c">2023.</marc:subfield>
        </marc:datafield>
        <marc:datafield tag="264" ind1=" " ind2="1">
            <marc:subfield code="b">Vision Films,</marc:subfield>
            <marc:subfield code="c">2019.</marc:subfield>
        </marc:datafield>
        <marc:datafield tag="300" ind1=" " ind2=" ">
            <marc:subfield code="a">1 online resource (streaming video file) (84 minutes):</marc:subfield>
            <marc:subfield code="b">digital, .flv file, sound</marc:subfield>
        </marc:datafield>
        <marc:datafield tag="336" ind1=" " ind2=" ">
            <marc:subfield code="a">two-dimensional moving image</marc:subfield>
            <marc:subfield code="b">tdi</marc:subfield>
            <marc:subfield code="2">rdacontent</marc:subfield>
        </marc:datafield>
        <marc:datafield tag="337" ind1=" " ind2=" ">
            <marc:subfield code="a">computer</marc:subfield>
            <marc:subfield code="b">c</marc:subfield>
            <marc:subfield code="2">rdamedia</marc:subfield>
        </marc:datafield>
        <marc:datafield tag="338" ind1=" " ind2=" ">
            <marc:subfield code="a">online resource</marc:subfield>
            <marc:subfield code="b">cr</marc:subfield>
            <marc:subfield code="2">rdacarrier</marc:subfield>
        </marc:datafield>
        <marc:datafield tag="344" ind1=" " ind2=" ">
            <marc:subfield code="a">digital</marc:subfield>
        </marc:datafield>
        <marc:datafield tag="347" ind1=" " ind2=" ">
            <marc:subfield code="a">video file</marc:subfield>
            <marc:subfield code="b">MPEG-4</marc:subfield>
            <marc:subfield code="b">Flash</marc:subfield>
        </marc:datafield>
        <marc:datafield tag="500" ind1=" " ind2=" ">
            <marc:subfield code="a">Available via Kanopy as part of a Patron-Driven Acquisition (PDA) collection.</marc:subfield>
            <marc:subfield code="5">UkOxU</marc:subfield>
        </marc:datafield>
        <marc:datafield tag="500" ind1=" " ind2=" ">
            <marc:subfield code="a">Film</marc:subfield>
        </marc:datafield>
        <marc:datafield tag="500" ind1=" " ind2=" ">
            <marc:subfield code="a">In Process Record.</marc:subfield>
        </marc:datafield>
        <marc:datafield tag="500" ind1=" " ind2=" ">
            <marc:subfield code="a">Title from title frames.</marc:subfield>
        </marc:datafield>
        <marc:datafield tag="506" ind1="1" ind2=" ">
            <marc:subfield code="a">Oxford SSO required to access this resource.</marc:subfield>
            <marc:subfield code="5">UkOxU</marc:subfield>
        </marc:datafield>
        <marc:datafield tag="511" ind1="0" ind2=" ">
            <marc:subfield code="a">Art Linkletter, Buzz Aldrin, Hugh Downs, Interviews with: Jerry Stiller, Jesse Jackson, Mickey Rooney, Phyllis Diller, Ray Bradbury</marc:subfield>
        </marc:datafield>
        <marc:datafield tag="518" ind1=" " ind2=" ">
            <marc:subfield code="a">Originally produced by Vision Films in 2019.</marc:subfield>
        </marc:datafield>
        <marc:datafield tag="520" ind1=" " ind2=" ">
            <marc:subfield code="a">A film about creativity and survival during the Great Depression of the 1930s, with striking parallels to today. Depression-era life and art come alive with rare film clips and personal stories from survivors.</marc:subfield>
        </marc:datafield>
        <marc:datafield tag="546" ind1=" " ind2=" ">
            <marc:subfield code="a">In English</marc:subfield>
        </marc:datafield>
        <marc:datafield tag="650" ind1=" " ind2="0">
            <marc:subfield code="a">Americans.</marc:subfield>
        </marc:datafield>
        <marc:datafield tag="650" ind1=" " ind2="0">
            <marc:subfield code="a">Documentary films.</marc:subfield>
        </marc:datafield>
        <marc:datafield tag="650" ind1=" " ind2="0">
            <marc:subfield code="a">History, Modern.</marc:subfield>
        </marc:datafield>
        <marc:datafield tag="650" ind1=" " ind2="0">
            <marc:subfield code="a">History.</marc:subfield>
        </marc:datafield>
        <marc:datafield tag="655" ind1=" " ind2="7">
            <marc:subfield code="a">Documentary films.</marc:subfield>
            <marc:subfield code="2">lcgft</marc:subfield>
        </marc:datafield>
        <marc:datafield tag="700" ind1="1" ind2=" ">
            <marc:subfield code="a">Aldrin, Buzz,</marc:subfield>
            <marc:subfield code="e">actor.</marc:subfield>
        </marc:datafield>
        <marc:datafield tag="700" ind1="1" ind2=" ">
            <marc:subfield code="a">Bradbury, Ray,</marc:subfield>
            <marc:subfield code="e">actor.</marc:subfield>
        </marc:datafield>
        <marc:datafield tag="700" ind1="1" ind2=" ">
            <marc:subfield code="a">Diller, Phyllis,</marc:subfield>
            <marc:subfield code="e">actor.</marc:subfield>
        </marc:datafield>
        <marc:datafield tag="700" ind1="1" ind2=" ">
            <marc:subfield code="a">Downs, Hugh,</marc:subfield>
            <marc:subfield code="e">actor.</marc:subfield>
        </marc:datafield>
        <marc:datafield tag="700" ind1="1" ind2=" ">
            <marc:subfield code="a">Fjellestad, Hans,</marc:subfield>
            <marc:subfield code="e">film director.</marc:subfield>
        </marc:datafield>
        <marc:datafield tag="700" ind1="1" ind2=" ">
            <marc:subfield code="a">Jackson, Jesse,</marc:subfield>
            <marc:subfield code="e">actor.</marc:subfield>
        </marc:datafield>
        <marc:datafield tag="700" ind1="1" ind2=" ">
            <marc:subfield code="a">Linkletter, Art,</marc:subfield>
            <marc:subfield code="e">actor.</marc:subfield>
        </marc:datafield>
        <marc:datafield tag="700" ind1="1" ind2=" ">
            <marc:subfield code="a">Rooney, Mickey,</marc:subfield>
            <marc:subfield code="e">actor.</marc:subfield>
        </marc:datafield>
        <marc:datafield tag="700" ind1="1" ind2=" ">
            <marc:subfield code="a">with: Jerry Stiller, Interviews,</marc:subfield>
            <marc:subfield code="e">actor.</marc:subfield>
        </marc:datafield>
        <marc:datafield tag="710" ind1="2" ind2=" ">
            <marc:subfield code="a">Kanopy (Firm).</marc:subfield>
            <marc:subfield code="4">dst</marc:subfield>
        </marc:datafield>
        <marc:datafield tag="710" ind1="2" ind2=" ">
            <marc:subfield code="a">Vision Films (Firm),</marc:subfield>
            <marc:subfield code="4">dst</marc:subfield>
        </marc:datafield>
        <marc:datafield tag="856" ind1="4" ind2="0">
            <marc:subfield code="3">Kanopy PDA</marc:subfield>
            <marc:subfield code="u">https://ox.kanopy.com/node/12830856</marc:subfield>
            <marc:subfield code="7">1</marc:subfield>
        </marc:datafield>
        <marc:datafield tag="856" ind1="4" ind2="2">
            <marc:subfield code="3">Cover Image</marc:subfield>
            <marc:subfield code="u">https://www.kanopy.com/node/12830856/external-image</marc:subfield>
        </marc:datafield>
    </marc:record>