
    <marc:record>
        <marc:leader>04890nam a2200601 i 4500</marc:leader>
        <marc:controlfield tag="001">991022194257407026</marc:controlfield>
        <marc:controlfield tag="003">UkOxU</marc:controlfield>
        <marc:controlfield tag="005">20230802002305.0</marc:controlfield>
        <marc:controlfield tag="006">m     o  d |      </marc:controlfield>
        <marc:controlfield tag="007">cr -n---------</marc:controlfield>
        <marc:controlfield tag="008">170421t20122012ohu     ob    000 0 eng d</marc:controlfield>
        <marc:datafield tag="020" ind1=" " ind2=" ">
            <marc:subfield code="a">1-61277-658-2</marc:subfield>
        </marc:datafield>
        <marc:datafield tag="020" ind1=" " ind2=" ">
            <marc:subfield code="a">1-61277-659-0</marc:subfield>
        </marc:datafield>
        <marc:datafield tag="035" ind1=" " ind2=" ">
            <marc:subfield code="a">(Au-PeEL)EBL3120961</marc:subfield>
        </marc:datafield>
        <marc:datafield tag="035" ind1=" " ind2=" ">
            <marc:subfield code="a">(CaONFJC)MIL961526</marc:subfield>
        </marc:datafield>
        <marc:datafield tag="035" ind1=" " ind2=" ">
            <marc:subfield code="a">(CaPaEBR)ebr10864348</marc:subfield>
        </marc:datafield>
        <marc:datafield tag="035" ind1=" " ind2=" ">
            <marc:subfield code="a">(CKB)3240000000065766</marc:subfield>
        </marc:datafield>
        <marc:datafield tag="035" ind1=" " ind2=" ">
            <marc:subfield code="a">(EBL)3120961</marc:subfield>
        </marc:datafield>
        <marc:datafield tag="035" ind1=" " ind2=" ">
            <marc:subfield code="a">(EXLCZ)993240000000065766</marc:subfield>
        </marc:datafield>
        <marc:datafield tag="035" ind1=" " ind2=" ">
            <marc:subfield code="a">(MdBmJHUP)muse17420</marc:subfield>
        </marc:datafield>
        <marc:datafield tag="035" ind1=" " ind2=" ">
            <marc:subfield code="a">(MiAaPQ)EBC3120961</marc:subfield>
        </marc:datafield>
        <marc:datafield tag="035" ind1=" " ind2=" ">
            <marc:subfield code="a">(MiAaPQ)EBC4403765</marc:subfield>
        </marc:datafield>
        <marc:datafield tag="035" ind1=" " ind2=" ">
            <marc:subfield code="a">(OCoLC)864844485</marc:subfield>
        </marc:datafield>
        <marc:datafield tag="035" ind1=" " ind2=" ">
            <marc:subfield code="a">(OCoLC)922995743</marc:subfield>
        </marc:datafield>
        <marc:datafield tag="035" ind1=" " ind2=" ">
            <marc:subfield code="a">(PQKB)10180626</marc:subfield>
        </marc:datafield>
        <marc:datafield tag="035" ind1=" " ind2=" ">
            <marc:subfield code="a">(PQKBManifestationID)11481894</marc:subfield>
        </marc:datafield>
        <marc:datafield tag="035" ind1=" " ind2=" ">
            <marc:subfield code="a">(PQKBTitleCode)TC0000859086</marc:subfield>
        </marc:datafield>
        <marc:datafield tag="035" ind1=" " ind2=" ">
            <marc:subfield code="a">(PQKBWorkID)10878333</marc:subfield>
        </marc:datafield>
        <marc:datafield tag="035" ind1=" " ind2=" ">
            <marc:subfield code="a">(SSID)ssj0000859086</marc:subfield>
        </marc:datafield>
        <marc:datafield tag="040" ind1=" " ind2=" ">
            <marc:subfield code="a">MiAaPQ</marc:subfield>
            <marc:subfield code="b">eng</marc:subfield>
            <marc:subfield code="e">rda</marc:subfield>
            <marc:subfield code="e">pn</marc:subfield>
            <marc:subfield code="c">MiAaPQ</marc:subfield>
            <marc:subfield code="d">MiAaPQ</marc:subfield>
        </marc:datafield>
        <marc:datafield tag="041" ind1=" " ind2=" ">
            <marc:subfield code="a">eng</marc:subfield>
        </marc:datafield>
        <marc:datafield tag="050" ind1=" " ind2="4">
            <marc:subfield code="a">PS3503.R167</marc:subfield>
            <marc:subfield code="b">.N497 2012</marc:subfield>
        </marc:datafield>
        <marc:datafield tag="082" ind1="0" ind2=" ">
            <marc:subfield code="a">813</marc:subfield>
            <marc:subfield code="2">23</marc:subfield>
        </marc:datafield>
        <marc:datafield tag="245" ind1="0" ind2="4">
            <marc:subfield code="a">The new ray bradbury review :</marc:subfield>
            <marc:subfield code="b">number 3, 2012 /</marc:subfield>
            <marc:subfield code="c">The Center for Ray Bradbury Studies.</marc:subfield>
        </marc:datafield>
        <marc:datafield tag="264" ind1=" " ind2="1">
            <marc:subfield code="a">Kent, Ohio :</marc:subfield>
            <marc:subfield code="b">The Kent State University Press,</marc:subfield>
            <marc:subfield code="c">2012.</marc:subfield>
        </marc:datafield>
        <marc:datafield tag="264" ind1=" " ind2="4">
            <marc:subfield code="c">©2012</marc:subfield>
        </marc:datafield>
        <marc:datafield tag="300" ind1=" " ind2=" ">
            <marc:subfield code="a">1 online resource (132 p.)</marc:subfield>
        </marc:datafield>
        <marc:datafield tag="336" ind1=" " ind2=" ">
            <marc:subfield code="a">text</marc:subfield>
            <marc:subfield code="b">txt</marc:subfield>
        </marc:datafield>
        <marc:datafield tag="337" ind1=" " ind2=" ">
            <marc:subfield code="a">computer</marc:subfield>
            <marc:subfield code="b">c</marc:subfield>
        </marc:datafield>
        <marc:datafield tag="338" ind1=" " ind2=" ">
            <marc:subfield code="a">online resource</marc:subfield>
            <marc:subfield code="b">cr</marc:subfield>
        </marc:datafield>
        <marc:datafield tag="500" ind1=" " ind2=" ">
            <marc:subfield code="a">Description based upon print version of record.</marc:subfield>
        </marc:datafield>
        <marc:datafield tag="504" ind1=" " ind2=" ">
            <marc:subfield code="a">Includes bibliographical references.</marc:subfield>
        </marc:datafield>
        <marc:datafield tag="505" ind1="0" ind2=" ">
            <marc:subfield code="a">&quot;&quot;Cover&quot;&quot;; &quot;&quot;Contents&quot;&quot;; &quot;&quot;Copyright&quot;&quot;; &quot;&quot;In Memoriam: Ray Bradbury&quot;&quot;; &quot;&quot;I Am My Grandfather, My Grandfather Is Me&quot;&quot;; &quot;&quot;Introduction&quot;&quot;; &quot;&quot;From the Archives: A Selection of Ray Bradburyâ€?s Fragments&quot;&quot;; &quot;&quot;Part One: Youth, Old Age, and Death&quot;&quot;; &quot;&quot;When the Weeping Stopped&quot;&quot;; &quot;&quot;The One who Fell&quot;&quot;; &quot;&quot;Thatâ€?s How Death Is&quot;&quot;; &quot;&quot;All Good things are Over&quot;&quot;; &quot;&quot;Figure Oneâ€?Grammy&quot;&quot;; &quot;&quot;Part Two: Other Writers&quot;&quot;; &quot;&quot;We have Art that we may not perish from Truth&quot;&quot;; &quot;&quot;The Menacing Martians in OZ&quot;&quot;; &quot;&quot;Edith Wharton&quot;&quot;; &quot;&quot;Part Three: Characters&quot;&quot;; &quot;&quot;Darksideâ€?s Folly&quot;&quot;; &quot;&quot;The Magician&quot;&quot;</marc:subfield>
        </marc:datafield>
        <marc:datafield tag="505" ind1="8" ind2=" ">
            <marc:subfield code="a">&quot;&quot;â€œIt is a clear cool morningâ€?&quot;&quot;&quot;&quot;In the window of the candy store&quot;&quot;; &quot;&quot;He lived in an element of mud&quot;&quot;; &quot;&quot;To watch the great round mouths turning&quot;&quot;; &quot;&quot;The Playground&quot;&quot;; &quot;&quot;The Different Pat&quot;&quot;; &quot;&quot;Figure Threeâ€?The Cool Cold Smell of Water&quot;&quot;; &quot;&quot;Part Five: Dreams&quot;&quot;; &quot;&quot;The Monk, The Monk&quot;&quot;; &quot;&quot;Summer Night in the Court House Square&quot;&quot;; &quot;&quot;â€œWhatâ€?s it get a woman?â€?&quot;&quot;; &quot;&quot;The Dream&quot;&quot;; &quot;&quot;Part Six: Houses&quot;&quot;; &quot;&quot;The Cellar, The Attic, The Pantry&quot;&quot;; &quot;&quot;Very early that morning&quot;&quot;; &quot;&quot;Long After Midnight&quot;&quot;; &quot;&quot;The Boarding House&quot;&quot;; &quot;&quot;The house drifted with dust&quot;&quot;; &quot;&quot;The house was a good house&quot;&quot;</marc:subfield>
        </marc:datafield>
        <marc:datafield tag="505" ind1="8" ind2=" ">
            <marc:subfield code="a">&quot;&quot;I heard them all laughing&quot;&quot;&quot;&quot;The All Hallows Family&quot;&quot;; &quot;&quot;The Acid Clean Man&quot;&quot;; &quot;&quot;The Bed in the Center of the Room&quot;&quot;; &quot;&quot;The Saved Sadnes&quot;&quot;; &quot;&quot;The Jigsaw&quot;&quot;; &quot;&quot;The Colored Shoe Man&quot;&quot;; &quot;&quot;The Scissors Grinder&quot;&quot;; &quot;&quot;Figure Twoâ€?The Medicine Show&quot;&quot;; &quot;&quot;Part Four: Reveries&quot;&quot;; &quot;&quot;Fire is baroque&quot;&quot;; &quot;&quot;The Burnt People&quot;&quot;; &quot;&quot;The steadfast sea&quot;&quot;; &quot;&quot;When the sound of the sea and the smell of the sea/Come in&quot;&quot;; &quot;&quot;At night the wind plunged through the house&quot;&quot;; &quot;&quot;The wind all around&quot;&quot;; &quot;&quot;To Make the Unfamiliar Familiar&quot;&quot;; &quot;&quot;To lie upon the dusty nap of the rug&quot;&quot;; &quot;&quot;Green Afternoon&quot;&quot;; &quot;&quot;It was a melon patch&quot;&quot;</marc:subfield>
        </marc:datafield>
        <marc:datafield tag="505" ind1="8" ind2=" ">
            <marc:subfield code="a">&quot;&quot;In other parts of the house&quot;&quot;&quot;&quot;Until this day, how well the house had kept its peace&quot;&quot;; &quot;&quot;The House of Sighs&quot;&quot;; &quot;&quot;The town was a beautiful ruin of a place&quot;&quot;; &quot;&quot;Part Seven: Climates/Seasons&quot;&quot;; &quot;&quot;In the yard the three apple trees grew up&quot;&quot;; &quot;&quot;On those clean spring days&quot;&quot;; &quot;&quot;The Herb Forest&quot;&quot;; &quot;&quot;It was one of the early Sunday afternoons in fall&quot;&quot;; &quot;&quot;She woke on a winterâ€?s morning&quot;&quot;; &quot;&quot;Part Eight: Space Travel/Other Worlds&quot;&quot;; &quot;&quot;The New Crusade&quot;&quot;; &quot;&quot;The rocket was a silver thimble&quot;&quot;; &quot;&quot;Thistle-Down and Fire&quot;&quot;; &quot;&quot;They spoke of the spaces between the stars&quot;&quot;; &quot;&quot;The Long Midnight&quot;&quot;</marc:subfield>
        </marc:datafield>
        <marc:datafield tag="505" ind1="8" ind2=" ">
            <marc:subfield code="a">&quot;&quot;It is not nice to spill down space&quot;&quot;&quot;&quot;Longfall&quot;&quot;; &quot;&quot;The Witch&quot;&quot;; &quot;&quot;The Venusian Chronicles&quot;&quot;; &quot;&quot;Bradbury&quot;&quot;; &quot;&quot;Chapter One&quot;&quot;; &quot;&quot;The Gardener&quot;&quot;; &quot;&quot;The Umbrella Man&quot;&quot;; &quot;&quot;The carnival was set up and ready to go&quot;&quot;; &quot;&quot;Part Nine: Mars&quot;&quot;; &quot;&quot;He felt it when they came from the rocket&quot;&quot;; &quot;&quot;The berries were ripened&quot;&quot;; &quot;&quot;The Children&quot;&quot;; &quot;&quot;Many nights he could hear the voice calling to him&quot;&quot;; &quot;&quot;â€œCome down, come down!â€?&quot;&quot;; &quot;&quot;The robot&quot;&quot;; &quot;&quot;â€œWhat is it?â€?&quot;&quot;; &quot;&quot;The Comedians&quot;&quot;; &quot;&quot;The Carnival arrived about seven that night&quot;&quot;; &quot;&quot;The Duplicate Circus&quot;&quot;; &quot;&quot;Figure Fourâ€?The Fourth of July&quot;&quot;</marc:subfield>
        </marc:datafield>
        <marc:datafield tag="505" ind1="8" ind2=" ">
            <marc:subfield code="a">&quot;&quot;Textual Commentary&quot;&quot;</marc:subfield>
        </marc:datafield>
        <marc:datafield tag="546" ind1=" " ind2=" ">
            <marc:subfield code="a">English</marc:subfield>
        </marc:datafield>
        <marc:datafield tag="588" ind1=" " ind2=" ">
            <marc:subfield code="a">Description based on online resource; title from PDF title page (ebrary, viewed April 21, 2017).</marc:subfield>
        </marc:datafield>
        <marc:datafield tag="600" ind1="1" ind2="0">
            <marc:subfield code="a">Bradbury, Ray,</marc:subfield>
            <marc:subfield code="d">1920-2012</marc:subfield>
            <marc:subfield code="x">Criticism and interpretation</marc:subfield>
            <marc:subfield code="v">Periodicals.</marc:subfield>
        </marc:datafield>
        <marc:datafield tag="710" ind1="2" ind2=" ">
            <marc:subfield code="a">IUPUI (Campus).</marc:subfield>
            <marc:subfield code="b">Center for Ray Bradbury Studies.</marc:subfield>
        </marc:datafield>
        <marc:datafield tag="776" ind1=" " ind2=" ">
            <marc:subfield code="z">1-60635-147-8</marc:subfield>
        </marc:datafield>
    </marc:record>